<?xml version="1.0" encoding="UTF-8"?><record xmlns="http://www.loc.gov/MARC21/slim" xmlns:cinclude="http://apache.org/cocoon/include/1.0" xmlns:zs="http://www.loc.gov/zing/srw/">
  <leader>00973cz  a2200169n  4500</leader>
  <controlfield tag="001">n 2011086242</controlfield>
  <controlfield tag="003">DLC</controlfield>
  <controlfield tag="005">20120721074916.0</controlfield>
  <controlfield tag="008">111215n| acannaabn          |a ana      </controlfield>
  <datafield tag="010" ind1=" " ind2=" ">
    <subfield code="a">n 2011086242</subfield>
  </datafield>
  <datafield tag="035" ind1=" " ind2=" ">
    <subfield code="a">(OCoLC)oca09065552</subfield>
  </datafield>
  <datafield tag="040" ind1=" " ind2=" ">
    <subfield code="a">DLC</subfield>
    <subfield code="b">eng</subfield>
    <subfield code="c">DLC</subfield>
    <subfield code="d">OCoLC</subfield>
    <subfield code="d">ICA</subfield>
  </datafield>
  <datafield tag="110" ind1="2" ind2=" ">
    <subfield code="a">Ludwig Múzeum--Kortárs Művészeti Múzeum (Budapest, Hungary)</subfield>
  </datafield>
  <datafield tag="410" ind1="2" ind2=" ">
    <subfield code="a">Ludwig Museum--Museum of Contemporary Art (Budapest, Hungary)</subfield>
  </datafield>
  <datafield tag="510" ind1="2" ind2=" ">
    <subfield code="w">a</subfield>
    <subfield code="a">Ludwig Múzeum (Budapest, Hungary)</subfield>
  </datafield>
  <datafield tag="670" ind1=" " ind2=" ">
    <subfield code="a">Its A gyűjtemény, 2010:</subfield>
    <subfield code="b">t.p. (Ludwig Múzeum--Kortárs Művészeti Múzeum) p. 8, etc. (in 1996 Ludwig Múzeum [no publs in LC database] became Kortárs Művészeti Múzeum--Ludwig Múzeum and in 2005 its name changed to Ludwig Múzeum--Kortárs Művészeti Múzeum and moved into the Művészetek Palotája in Budapest)</subfield>
  </datafield>
  <datafield tag="670" ind1=" " ind2=" ">
    <subfield code="a">Maurer Dóra, 2008:</subfield>
    <subfield code="b">t.p. (Ludwig Múzeum--Kortárs Művészeti Múzeum; Ludwig Museum--Museum of Contemporary Art)</subfield>
  </datafield>
</record>